129 639 243 79 George
426 633 300 84 Stirling’s
789 632 291 84 Heritage

520 886 173 33 PROEM

288 985 29 31 T
337 996 69 21 was
424 996 20 20 a
462 989 90 27 most
573 983 216 33 tumultuous
806 983 161 41 morning
983 983 150 32 towards

331 1037 59 31 the
407 1036 67 32 end
492 1036 40 31 of
546 1035 206 42 September
764 1036 99 30 when
877 1040 147 36 country
1037 1035 95 31 lanes

331 1099 88 21 were
431 1088 189 42 beginning
631 1096 36 23 to
681 1087 147 32 disclose
846 1086 179 32 autumnal
1040 1087 92 31 tints.

333 1140 93 33 Such
455 1145 134 35 stormy
621 1139 149 32 weather
799 1139 68 31 had
901 1138 111 41 rarely
1044 1138 88 31 been

334 1202 80 21 seen
448 1197 34 26 at
508 1191 68 31 this
605 1191 83 31 time
715 1190 39 31 of
781 1189 59 32 the
865 1200 90 31 year,
981 1190 68 30 and
1075 1189 59 31 the

86 1243 113 32 oldest
221 1243 204 32 residenters
448 1243 34 30 in
507 1241 220 42 Feringham,
751 1252 20 20 a
794 1241 159 42 pleasant
973 1240 68 32 and
1064 1242 54 40 pic172

86 1300 162 37 turesque
265 1294 282 42 watering-place
572 1305 45 19 on
643 1294 58 31 the
727 1293 148 41 English
900 1297 106 33 coast,
1032 1293 102 31 could

87 1347 193 32 remember
307 1347 63 31 but
396 1347 64 31 few
489 1345 160 42 parallels
674 1346 33 30 in
737 1345 60 32 the
823 1345 119 32 record
967 1344 40 32 of
1031 1344 103 42 gales.

88 1399 77 31 The
196 1399 91 31 wind
328 1398 134 31 howled
504 1397 118 42 wildly
656 1398 44 30 all
740 1397 59 31 the
833 1397 100 41 night
965 1396 151 41 through
1130 1407 7 28 ;

87 1450 60 31 the
164 1450 218 32 remorseless
403 1450 72 31 rain
501 1450 80 31 beat
605 1449 169 41 violently
792 1449 136 41 against
952 1449 59 30 the
1035 1448 99 31 villas

89 1512 44 20 on
152 1502 59 31 the
228 1501 74 32 cliff
314 1501 83 42 high
415 1501 110 32 above
542 1500 59 32 the
619 1501 123 41 raging
759 1511 65 21 sea.
877 1500 31 31 It
933 1500 124 31 roused
1075 1498 60 32 the

89 1553 226 41 imagination
342 1554 73 30 into
440 1558 141 36 strange
603 1553 146 37 dreams,
767 1552 155 41 drawing
946 1561 97 21 some
1061 1550 73 31 into

89 1605 158 41 pleasant
275 1605 139 38 visions,
444 1605 178 41 gleaming
650 1604 81 31 with
764 1603 59 32 old
851 1603 192 37 memories,
1072 1602 63 31 but

90 1658 201 40 presenting
308 1662 36 25 to
361 1657 116 31 others
495 1656 150 41 pictures
671 1655 75 32 that
772 1654 102 32 made
899 1654 94 31 them
1013 1654 122 38 shiver,

92 1707 67 32 and
178 1708 144 31 recalled
341 1708 95 31 them
454 1707 88 32 back
560 1712 36 26 to
613 1718 108 21 sense.
771 1706 68 31 For
852 1706 59 31 the
928 1705 86 32 dark
1032 1706 104 30 hours

92 1759 39 31 of
143 1759 59 31 the
219 1759 108 41 night,
344 1760 125 40 during
493 1759 112 31 which
630 1758 59 32 the
714 1758 106 32 world
847 1758 27 31 is
899 1757 175 41 supposed
1099 1761 37 27 to

93 1810 94 42 sleep
205 1811 67 31 and
291 1816 76 34 rest,
385 1822 56 20 are
459 1810 94 32 often
572 1810 58 31 the
649 1815 91 26 most
758 1809 117 41 trying
893 1809 69 31 and
979 1814 159 26 tortuous

94 1867 37 27 to
148 1862 58 32 the
223 1862 104 33 mind.
376 1863 117 31 Those
510 1863 76 31 who
604 1873 58 21 are
678 1862 152 31 haunted
850 1861 47 41 by
908 1861 75 31 that
1000 1860 139 42 agoniz-

602 1927 25 23 A
