2550.00 3300.00
514.00 229.00 147.43 42.00 United
686.00 229.00 172.00 42.00 Nations

2108.00 209.00 201.00 57.00 S/2006/24

518.00 333.00 282.50 74.00 Security
835.81 333.00 247.19 74.00 Council

1654.00 363.00 137.20 29.00 Distr.:
1810.80 363.00 137.20 29.00 General

1654.00 421.00 39.20 29.00 17
1712.80 421.00 137.20 29.00 January
1869.60 421.00 78.40 29.00 2006

1656.00 512.00 162.53 38.00 Original:
1836.59 512.00 126.41 38.00 English

514.00 935.00 203.74 34.67 Progress
743.21 935.00 152.81 34.67 report
921.49 935.00 50.94 34.67 of
997.89 935.00 76.40 34.67 the
1099.77 935.00 432.96 34.67 Secretary-General
1558.19 935.00 50.94 34.67 on
1634.60 935.00 76.40 34.67 the

514.00 1004.33 152.81 34.67 United
692.28 1004.33 178.28 34.67 Nations
896.02 1004.33 152.81 34.67 Office
1074.30 1004.33 50.94 34.67 in
1150.70 1004.33 280.15 34.67 Timor-Leste

515.00 1112.00 75.68 37.00 (for
609.60 1112.00 56.76 37.00 the
685.28 1112.00 113.52 37.00 period
817.72 1112.00 37.84 37.00 16
874.48 1112.00 113.52 37.00 August
1006.92 1112.00 75.68 37.00 2005
1101.52 1112.00 37.84 37.00 to
1158.28 1112.00 37.84 37.00 13
1215.04 1112.00 132.44 37.00 January
1366.40 1112.00 94.60 37.00 2006)

427.00 1210.00 47.41 41.00 I.
545.53 1210.00 284.47 41.00 Introduction

513.00 1324.00 37.65 25.63 1.
607.14 1324.00 56.48 25.63 The
682.44 1324.00 131.79 25.63 present
833.06 1324.00 112.96 25.63 report
964.85 1324.00 37.65 25.63 is
1021.33 1324.00 169.44 25.63 submitted
1209.60 1324.00 150.62 25.63 pursuant
1379.05 1324.00 37.65 25.63 to
1435.53 1324.00 150.62 25.63 Security
1604.98 1324.00 131.79 25.63 Council
1755.59 1324.00 188.27 25.63 resolution
1962.69 1324.00 75.31 25.63 1599

513.00 1375.26 112.96 25.63 (2005)
644.79 1375.26 37.65 25.63 of
701.27 1375.26 37.65 25.63 28
757.75 1375.26 94.14 25.63 April
870.72 1375.26 94.14 25.63 2005,
983.68 1375.26 37.65 25.63 in
1040.16 1375.26 94.14 25.63 which
1153.12 1375.26 56.48 25.63 the
1228.43 1375.26 131.79 25.63 Council
1379.05 1375.26 131.79 25.63 decided
1529.67 1375.26 37.65 25.63 to
1586.15 1375.26 188.27 25.63 establish,
1793.25 1375.26 37.65 25.63 as
1849.73 1375.26 37.65 25.63 of
1906.21 1375.26 37.65 25.63 21
1962.69 1375.26 56.48 25.63 May

513.00 1426.53 94.14 25.63 2005,
625.96 1426.53 56.48 25.63 the
701.27 1426.53 112.96 25.63 United
833.06 1426.53 131.79 25.63 Nations
983.68 1426.53 112.96 25.63 Office
1115.47 1426.53 37.65 25.63 in
1171.95 1426.53 207.10 25.63 Timor-Leste
1397.88 1426.53 150.62 25.63 (UNOTIL)
1567.32 1426.53 56.48 25.63 for
1642.63 1426.53 18.83 25.63 a
1680.28 1426.53 112.96 25.63 period
1812.07 1426.53 37.65 25.63 of
1868.56 1426.53 56.48 25.63 one
1943.86 1426.53 94.14 25.63 year.

513.00 1477.79 37.65 25.63 In
569.48 1477.79 169.44 25.63 paragraph
757.75 1477.79 37.65 25.63 10
814.23 1477.79 37.65 25.63 of
870.72 1477.79 75.31 25.63 that
964.85 1477.79 207.10 25.63 resolution,
1190.78 1477.79 56.48 25.63 the
1266.09 1477.79 131.79 25.63 Council
1416.70 1477.79 169.44 25.63 requested
1604.98 1477.79 75.31 25.63 that
1699.11 1477.79 37.65 25.63 it
1755.59 1477.79 37.65 25.63 be
1812.07 1477.79 169.44 25.63 regularly

513.00 1529.05 150.62 25.63 informed
682.44 1529.05 37.65 25.63 of
738.93 1529.05 225.93 25.63 developments
983.68 1529.05 37.65 25.63 on
1040.16 1529.05 56.48 25.63 the
1115.47 1529.05 131.79 25.63 ground,
1266.09 1529.05 56.48 25.63 the
1341.40 1529.05 263.58 25.63 implementation
1623.80 1529.05 37.65 25.63 of
1680.28 1529.05 56.48 25.63 the
1755.59 1529.05 131.79 25.63 mandate
1906.21 1529.05 37.65 25.63 of

513.00 1580.32 112.96 25.63 UNOTIL
644.79 1580.32 56.48 25.63 and
720.10 1580.32 56.48 25.63 the
795.41 1580.32 150.62 25.63 planning
964.85 1580.32 56.48 25.63 for
1040.16 1580.32 18.83 25.63 a
1077.81 1580.32 188.27 25.63 transition
1284.91 1580.32 37.65 25.63 to
1341.40 1580.32 18.83 25.63 a
1379.05 1580.32 207.10 25.63 sustainable
1604.98 1580.32 207.10 25.63 development
1830.90 1580.32 188.27 25.63 assistance

513.00 1631.58 169.44 25.63 framework
701.27 1631.58 56.48 25.63 and
776.58 1631.58 169.44 25.63 requested
964.85 1631.58 37.65 25.63 me
1021.33 1631.58 37.65 25.63 to
1077.81 1631.58 112.96 25.63 submit
1209.60 1631.58 18.83 25.63 a
1247.26 1631.58 112.96 25.63 report
1379.05 1631.58 94.14 25.63 every
1492.01 1631.58 75.31 25.63 four
1586.15 1631.58 131.79 25.63 months.
1736.77 1631.58 56.48 25.63 The
1812.07 1631.58 131.79 25.63 present

513.00 1682.84 112.96 25.63 report
644.79 1682.84 112.96 25.63 covers
776.58 1682.84 94.14 25.63 major
889.54 1682.84 225.93 25.63 developments
1134.30 1682.84 94.14 25.63 since
1247.26 1682.84 37.65 25.63 my
1303.74 1682.84 150.62 25.63 progress
1473.19 1682.84 112.96 25.63 report
1604.98 1682.84 37.65 25.63 of
1661.46 1682.84 37.65 25.63 18
1717.94 1682.84 112.96 25.63 August
1849.73 1682.84 75.31 25.63 2005

513.00 1734.11 244.75 25.63 (S/2005/533),
776.58 1734.11 56.48 25.63 and
851.89 1734.11 150.62 25.63 outlines
1021.33 1734.11 56.48 25.63 the
1096.64 1734.11 131.79 25.63 ongoing
1247.26 1734.11 94.14 25.63 plans
1360.22 1734.11 56.48 25.63 for
1435.53 1734.11 56.48 25.63 the
1510.84 1734.11 188.27 25.63 transition
1717.94 1734.11 75.31 25.63 from
1812.07 1734.11 112.96 25.63 UNOTIL
1943.86 1734.11 37.65 25.63 to
2000.35 1734.11 18.83 25.63 a

513.00 1785.37 207.10 25.63 sustainable
738.93 1785.37 207.10 25.63 development
964.85 1785.37 188.27 25.63 framework.

404.00 1898.00 74.81 52.00 II.
553.62 1898.00 149.62 52.00 Recent
728.17 1898.00 224.43 52.00 political
977.54 1898.00 74.81 52.00 and
1077.29 1898.00 199.49 52.00 security
1301.71 1898.00 299.24 52.00 developments
1625.89 1898.00 49.87 52.00 in
1700.70 1898.00 274.30 52.00 Timor-Leste

513.00 2011.00 34.97 26.18 2.
600.41 2011.00 104.90 26.18 During
722.79 2011.00 52.45 26.18 the
792.72 2011.00 157.34 26.18 reporting
967.55 2011.00 122.38 26.18 period,
1107.41 2011.00 52.45 26.18 the
1177.34 2011.00 122.38 26.18 overall
1317.21 2011.00 157.34 26.18 situation
1492.03 2011.00 34.97 26.18 in
1544.48 2011.00 192.31 26.18 Timor-Leste
1754.28 2011.00 139.86 26.18 remained

513.00 2063.36 87.41 26.18 calm,
617.90 2063.36 104.90 26.18 except
740.28 2063.36 52.45 26.18 for
810.21 2063.36 17.48 26.18 a
845.17 2063.36 52.45 26.18 few
915.10 2063.36 139.86 26.18 isolated
1072.45 2063.36 157.34 26.18 incidents
1247.28 2063.36 157.34 26.18 involving
1422.10 2063.36 52.45 26.18 the
1492.03 2063.36 157.34 26.18 incursion
1666.86 2063.36 34.97 26.18 of
1719.31 2063.36 104.90 26.18 former
1841.69 2063.36 139.86 26.18 militias

513.00 2115.73 34.97 26.18 in
565.45 2115.73 52.45 26.18 the
635.38 2115.73 139.86 26.18 Bobonaro
792.72 2115.73 157.34 26.18 District,
967.55 2115.73 87.41 26.18 which
1072.45 2115.73 52.45 26.18 led
1142.38 2115.73 34.97 26.18 to
1194.83 2115.73 17.48 26.18 a
1229.79 2115.73 104.90 26.18 number
1352.17 2115.73 34.97 26.18 of
1404.62 2115.73 122.38 26.18 arrests
1544.48 2115.73 34.97 26.18 by
1596.93 2115.73 52.45 26.18 the
1666.86 2115.73 139.86 26.18 Timorese
1824.21 2115.73 139.86 26.18 national

513.00 2168.09 122.38 26.18 police.
652.86 2168.09 52.45 26.18 The
722.79 2168.09 69.93 26.18 most
810.21 2168.09 122.38 26.18 serious
950.07 2168.09 104.90 26.18 border
1072.45 2168.09 139.86 26.18 incident
1229.79 2168.09 69.93 26.18 took
1317.21 2168.09 87.41 26.18 place
1422.10 2168.09 34.97 26.18 on
1474.55 2168.09 17.48 26.18 6
1509.52 2168.09 122.38 26.18 January
1649.38 2168.09 69.93 26.18 2006
1736.79 2168.09 52.45 26.18 and
1806.72 2168.09 139.86 26.18 resulted

513.00 2220.45 34.97 26.18 in
565.45 2220.45 52.45 26.18 the
635.38 2220.45 87.41 26.18 death
740.28 2220.45 34.97 26.18 of
792.72 2220.45 87.41 26.18 three
897.62 2220.45 209.79 26.18 infiltrators
1124.90 2220.45 69.93 26.18 into
1212.31 2220.45 209.79 26.18 Timor-Leste.
1439.59 2220.45 52.45 26.18 The
1509.52 2220.45 139.86 26.18 incident
1666.86 2220.45 34.97 26.18 is
1719.31 2220.45 87.41 26.18 being
1824.21 2220.45 209.79 26.18 investigated

513.00 2272.82 34.97 26.18 by
565.45 2272.82 52.45 26.18 the
635.38 2272.82 139.86 26.18 Timorese
792.72 2272.82 209.79 26.18 authorities.

512.00 2336.00 36.70 25.68 3.
603.75 2336.00 128.45 25.68 Further
750.54 2336.00 146.80 25.68 progress
915.69 2336.00 55.05 25.68 was
989.08 2336.00 146.80 25.68 achieved
1154.23 2336.00 36.70 25.68 in
1209.28 2336.00 201.84 25.68 delineating
1429.47 2336.00 55.05 25.68 the
1502.87 2336.00 73.40 25.68 land
1594.61 2336.00 110.10 25.68 border
1723.06 2336.00 128.45 25.68 between
1869.86 2336.00 110.10 25.68 Timor-

512.00 2387.37 91.75 25.68 Leste
622.10 2387.37 55.05 25.68 and
695.49 2387.37 183.49 25.68 Indonesia.
897.34 2387.37 36.70 25.68 On
952.39 2387.37 36.70 25.68 30
1007.43 2387.37 110.10 25.68 August
1135.88 2387.37 91.75 25.68 2005,
1245.98 2387.37 55.05 25.68 the
1319.37 2387.37 128.45 25.68 foreign
1466.17 2387.37 165.14 25.68 ministers
1649.66 2387.37 36.70 25.68 of
1704.71 2387.37 201.84 25.68 Timor-Leste
1924.90 2387.37 55.05 25.68 and

512.00 2438.74 165.14 25.68 Indonesia
695.49 2438.74 146.80 25.68 presided
860.64 2438.74 73.40 25.68 over
952.39 2438.74 18.35 25.68 a
989.08 2438.74 146.80 25.68 ceremony
1154.23 2438.74 73.40 25.68 held
1245.98 2438.74 36.70 25.68 at
1301.02 2438.74 55.05 25.68 the
1374.42 2438.74 110.10 25.68 border
1502.87 2438.74 128.45 25.68 village
1649.66 2438.74 36.70 25.68 of
1704.71 2438.74 146.80 25.68 Mota'ain
1869.86 2438.74 36.70 25.68 to
1924.90 2438.74 73.40 25.68 mark

512.00 2490.11 55.05 25.68 the
585.40 2490.11 165.14 25.68 placement
768.89 2490.11 36.70 25.68 of
823.94 2490.11 55.05 25.68 the
897.34 2490.11 91.75 25.68 first
1007.43 2490.11 110.10 25.68 marker
1135.88 2490.11 91.75 25.68 along
1245.98 2490.11 91.75 25.68 their
1356.07 2490.11 110.10 25.68 common
1484.52 2490.11 73.40 25.68 land
1576.27 2490.11 128.45 25.68 border,
1723.06 2490.11 183.49 25.68 commencing
1924.90 2490.11 55.05 25.68 the

512.00 2541.47 128.45 25.68 process
658.80 2541.47 36.70 25.68 of
713.84 2541.47 201.84 25.68 demarcation
934.04 2541.47 36.70 25.68 of
989.08 2541.47 55.05 25.68 the
1062.48 2541.47 36.70 25.68 96
1117.53 2541.47 55.05 25.68 per
1190.93 2541.47 73.40 25.68 cent
1282.67 2541.47 36.70 25.68 of
1337.72 2541.47 55.05 25.68 the
1411.12 2541.47 73.40 25.68 land
1502.87 2541.47 110.10 25.68 border
1631.31 2541.47 110.10 25.68 agreed
1759.76 2541.47 36.70 25.68 to
1814.81 2541.47 36.70 25.68 in
1869.86 2541.47 55.05 25.68 the

512.00 2592.84 201.84 25.68 Provisional
732.19 2592.84 165.14 25.68 Agreement
915.69 2592.84 36.70 25.68 on
970.73 2592.84 55.05 25.68 the
1044.13 2592.84 183.49 25.68 Borderline
1245.98 2592.84 110.10 25.68 signed
1374.42 2592.84 36.70 25.68 by
1429.47 2592.84 55.05 25.68 the
1502.87 2592.84 55.05 25.68 two
1576.27 2592.84 165.14 25.68 ministers
1759.76 2592.84 36.70 25.68 in
1814.81 2592.84 73.40 25.68 Dili
1906.55 2592.84 36.70 25.68 in

512.00 2644.21 91.75 25.68 April
622.10 2644.21 91.75 25.68 2005.
732.19 2644.21 36.70 25.68 In
787.24 2644.21 165.14 25.68 December,
970.73 2644.21 201.84 25.68 significant
1190.93 2644.21 146.80 25.68 progress
1356.07 2644.21 55.05 25.68 was
1429.47 2644.21 73.40 25.68 made
1521.22 2644.21 36.70 25.68 in
1576.27 2644.21 220.19 25.68 negotiations
1814.81 2644.21 128.45 25.68 between
1961.60 2644.21 55.05 25.68 the

512.00 2695.58 55.05 25.68 two
585.40 2695.58 91.75 25.68 sides
695.49 2695.58 36.70 25.68 on
750.54 2695.58 55.05 25.68 the
823.94 2695.58 165.14 25.68 remaining
1007.43 2695.58 18.35 25.68 4
1044.13 2695.58 55.05 25.68 per
1117.53 2695.58 73.40 25.68 cent
1209.28 2695.58 36.70 25.68 of
1264.33 2695.58 55.05 25.68 the
1337.72 2695.58 128.45 25.68 border.
1484.52 2695.58 36.70 25.68 It
1539.57 2695.58 36.70 25.68 is
1594.61 2695.58 91.75 25.68 hoped
1704.71 2695.58 73.40 25.68 that
1796.46 2695.58 73.40 25.68 more
1888.20 2695.58 146.80 25.68 progress

512.00 2746.95 73.40 25.68 will
603.75 2746.95 36.70 25.68 be
658.80 2746.95 146.80 25.68 achieved
823.94 2746.95 36.70 25.68 in
878.99 2746.95 55.05 25.68 the
952.39 2746.95 110.10 25.68 coming
1080.83 2746.95 110.10 25.68 weeks,
1209.28 2746.95 36.70 25.68 so
1264.33 2746.95 73.40 25.68 that
1356.07 2746.95 55.05 25.68 the
1429.47 2746.95 201.84 25.68 delineation
1649.66 2746.95 36.70 25.68 of
1704.71 2746.95 55.05 25.68 the
1778.11 2746.95 183.49 25.68 unresolved

512.00 2798.32 146.80 25.68 segments
677.14 2798.32 36.70 25.68 of
732.19 2798.32 91.75 25.68 their
842.29 2798.32 110.10 25.68 common
970.73 2798.32 110.10 25.68 border
1099.18 2798.32 55.05 25.68 can
1172.58 2798.32 36.70 25.68 be
1227.63 2798.32 183.49 25.68 completed.

250.00 2972.00 154.80 35.00 06-20462
424.15 2972.00 58.05 35.00 (E)
520.90 2972.00 116.10 35.00 170106

169.00 3039.00 46.69 36.00 *
309.08 3039.00 326.85 36.00 0620462
729.31 3039.00 46.69 36.00 *
